@Misc{Martinek2010,
	author = {David MARTINEK},
	title = {LaTeXové speciality},
	howpublished = {[online]},
	year = {rev. 25. únor 2010},
	note = {[vid. 2017-04-13]},
	url = {http://www.fit.vutbr.cz/~martinek/latex/index.html},
}

@Misc{Vyfuk2024,
	author = {Unknown},
	title = {LaTeX: přehledné psaní elektronických řešeníLaTeXové speciality},
	howpublished = {[online]},
	year = {2024},
	url = {https://vyfuk.org/rady_a_tipy/latex},
}

@Misc{365tipu2018,
	author = {Václav VANĚK},
	title = {Co je to LaTeX?},
	howpublished = {[online]},
	year = {rev. 11. duben 2018},
	note = {[vid. 2017-04-13]},
	url = {https://365tipu.cz/2018/04/11/tip1058-co-je-to-latex/},
}

@MastersThesis{Zmitko2015,
	author = {Matěj ZMÍTKO},
	title = {LaTex jako nástroj pro tvorbu šablon závěrečných prací na FIM UHK},
	school = {Fakulta informatiky a managementu Univerzity Hradec Králové},
	year = {2015},
	type = {Bakalářská práce},
}

@MastersThesis{Vesely2008,
	author = {Jindřich VESELÝ},
	title = {Zpracování dokumentů v LaTeXu},
	school = {Vysoká škola ekonomická v Praze},
	year = {2008},
	type = {Bakalářská práce},
}

@InBook{Rybicka2003,
	author = {Jiří RYBIČKA},
	title = {LaTeX pro začátečníky},
	chapter = {Základní informace},
	publisher = {Konvoj},
    pages = {23\,--,\, 24},
	address = {Brno},
	year = {2003},
	ISBN = {80-7302-049-1},
}

@InBook{Erickson2019,
	author = {Jeff ERICKSON},
	title = {Algorithms},
	year = {2019},
    chapter = {Recursion},
    pages = {61\,--\,62},
    publisher = {Independently published},
	ISBN = {978-1-792-64483-2},
}

@Article{Olsak2014,
	author = {Petr OLŠÁK},
	title = {TeX pro pragmatiky},
	journal = {Zpravodaj Československého sdružení uživatelů TeXu},
	volume = {24},
	number = {1\,--\,4},
	pages = {29\,--\,45},
	year = {2014},
	ISSN = {1211-6661},
}

@Article{Bagheri2024,
	author = {Seyed-Mohammad Bagheri},
	title = {Extreme types and extremal models},
	journal = {Annals of Pure and Applied Logic},
	year = {2024},
	ISSN = {0168-0072},
}

@Article{YiXu2024,
	author = {Yi Xu},
	title = {Vortex photon induced nuclear reaction: Mechanism, model, and application to the studies of giant resonance and astrophysical reaction rate},
	journal = {Physics Letters B},
	volume = {852},
	year = {2024},
	ISSN = {0370-2693},
}